 author = {Borici, Arber and Thomo, Alex},
 title = {Semantic Graph Compression with Hypergraphs},
 booktitle = {Proceedings of the 2014 IEEE 28th International Conference on Advanced Information Networking and Applications},
 series = {AINA '14},
 year = {2014},
 isbn = {978-1-4799-3630-4},
 pages = {1097--1104},
 numpages = {8},
 url = {http://dx.doi.org/10.1109/AINA.2014.133},
 doi = {10.1109/AINA.2014.133},
 acmid = {2634618},
 publisher = {IEEE Computer Society},
 address = {Washington, DC, USA},
 keywords = {Graph compression, graph mining, data mining, hypergraphs, hypergraph partition, hypergraph modeling, clustering},
} 

@article{ah2015unsupervised,
  title={Unsupervised Visual and Textual Information Fusion in CBMIR Using Graph-Based Methods},
  author={Ah-Pine, Julien and Csurka, Gabriela and Clinchant, Stephane},
  journal={ACM Transactions on Information Systems (TOIS)},
  volume={33},
  number={2},
  pages={9},
  year={2015},
  publisher={ACM}
}



@inproceedings{Snoek2005,
 author = {Snoek, Cees G. M. and Worring, Marcel and Smeulders, Arnold W. M.},
 title = {Early Versus Late Fusion in Semantic Video Analysis},
 booktitle = {Proceedings of the 13th Annual ACM International Conference on Multimedia},
 series = {MULTIMEDIA '05},
 year = {2005},
 isbn = {1-59593-044-2},
 location = {Hilton, Singapore},
 pages = {399--402},
 numpages = {4},
 publisher = {ACM},
 address = {New York, NY, USA},
} 




@article{Sun2013,
 author = {Sun, Yizhou and Han, Jiawei},
 title = {Mining Heterogeneous Information Networks: A Structural Analysis Approach},
 journal = {SIGKDD Explor. Newsl.},
 issue_date = {December 2012},
 volume = {14},
 number = {2},
 month = apr,
 year = {2013},
 issn = {1931-0145},
 pages = {20--28},
 numpages = {9},
 publisher = {ACM},
 address = {New York, NY, USA},
} 


@book{Mihalcea2011,
 author = {Mihalcea, Rada F. and Radev, Dragomir R.},
 title = {Graph-based Natural Language Processing and Information Retrieval},
 year = {2011},
 isbn = {0521896134, 9780521896139},
 edition = {1st},
 publisher = {Cambridge University Press},
 address = {New York, NY, USA},
}

@inproceedings{Borici2014,
 author = {Borici, Arber and Thomo, Alex},
 title = {Semantic Graph Compression with Hypergraphs},
 booktitle = {Proceedings of the 2014 IEEE 28th International Conference on Advanced Information Networking and Applications},
 series = {AINA '14},
 year = {2014},
 isbn = {978-1-4799-3630-4},
 pages = {1097--1104},
 numpages = {8},
 url = {http://dx.doi.org/10.1109/AINA.2014.133},
 doi = {10.1109/AINA.2014.133},
 acmid = {2634618},
 publisher = {IEEE Computer Society},
 address = {Washington, DC, USA},
 } 

@InProceedings{charton2010,
  author = {Eric Charton and Juan-Manuel Torres-Moreno},
  title = {{NLGbAse: A Free Linguistic Resource for Natural Language Processing Systems}},
  booktitle = {Proceedings of the Seventh conference on International Language Resources and Evaluation (LREC'10)},
  year = {2010},
  month = {{May}},
  date = {19-21},
  address = {Valletta, Malta},
  publisher = {European Language Resources Association (ELRA)},
  isbn = {2-9517408-6-7},
  language = {english}
 } 

@inproceedings{pedersen2010duluth,
  title={Duluth-WSI: SenseClusters applied to the sense induction task of SemEval-2},
  author={Pedersen, Ted},
  booktitle={Proceedings of the 5th international workshop on semantic evaluation},
  pages={363--366},
  year={2010},
  organization={Association for Computational Linguistics}
}


@inproceedings{sagae2009,
	address = {Paris, France},
	title = {Clustering {Words} by {Syntactic} {Similarity} {Improves} {Dependency} {Parsing} of {Predicate}-{Argument} {Structures}},
	booktitle = {International {Conference} on {Parsing} {Technologies} ({IWPT}-09)},
	author = {Sagae, Kenji and Gordon, Andrew S.},
	month = oct,
	year = {2009},
	keywords = {The Narrative Group, Virtual Humans}
}

@article{levy2014,
  title={Dependency-Based Word Embeddings},
  author={Levy, Omer and Goldberg, Yoav},
  journal={Proceedings of the 52nd Annual Meeting of the Association for Computational Linguistics},
  volume={2},
  year={2014}
}

@inproceedings{VandeCruys2011,
 author = {Van de Cruys, Tim and Apidianaki, Marianna},
 title = {Latent Semantic Word Sense Induction and Disambiguation},
 booktitle = {Proceedings of the 49th Annual Meeting of the Association for Computational Linguistics: Human Language Technologies - Volume 1},
 series = {HLT '11},
 year = {2011},
 isbn = {978-1-932432-87-9},
 location = {Portland, Oregon},
 pages = {1476--1485},
 numpages = {10},
 acmid = {2002652},
 publisher = {Association for Computational Linguistics},
 address = {Stroudsburg, PA, USA},
} 


@inproceedings{Bergsma2012,
 author = {Bergsma, Shane and Post, Matt and Yarowsky, David},
 title = {{Stylometric Analysis of Scientific Articles}},
 booktitle = {Proceedings of the 2012 Conference of the North American Chapter of the Association for Computational Linguistics: Human Language Technologies},
 series = {NAACL HLT '12},
 year = {2012},
 isbn = {978-1-937284-20-6},
 location = {Montreal, Canada},
 pages = {327--337},
 numpages = {11},
 publisher = {Association for Computational Linguistics},
 address = {Stroudsburg, PA, USA},
} 

@inproceedings{wong2011exploiting,
  title={Exploiting parse structures for native language identification},
  author={Wong, Sze-Meng Jojo and Dras, Mark},
  booktitle={Proceedings of the Conference on Empirical Methods in Natural Language Processing},
  pages={1600--1610},
  year={2011},
  organization={Association for Computational Linguistics}
}

@misc{Attardi2015,
  author = {{Giuseppe Attardi}},
  title = {{WikiExtractor}},
  year = {2015},
  publisher = {GitHub},
  journal = {GitHub repository},
  howpublished = {\url{https://github.com/attardi/wikiextractor}},
  commit = {90d1c1ebcfc94036582eb4ab1aeba1c558684425}
}

@InProceedings{FLICKINGER10,
  author = {Dan Flickinger and Stephan Oepen and Gisle Ytrestï¿½l},
  title = {{WikiWoods: Syntacto-Semantic Annotation for English Wikipedia}},
  booktitle = {Proceedings of the Seventh International Conference on Language Resources and Evaluation (LREC'10)},
  year = {2010},
  month = {{M}ay},
  date = {19-21},
  address = {Valletta, Malta},
  publisher = {European Language Resources Association (ELRA)},
 } 


	@inproceedings{vulic2011,
  title={Identifying word translations from comparable corpora using latent topic models},
  author={Vuli{\'c}, Ivan and De Smet, Wim and Moens, Marie-Francine},
  booktitle={Proceedings of the 49th Annual Meeting of the Association for Computational Linguistics: Human Language Technologies: short papers-Volume 2},
  pages={479--484},
  year={2011},
  organization={Association for Computational Linguistics}
}


 @InProceedings{ATSERIAS08,
  author = {Jordi Atserias, Hugo Zaragoza, Massimiliano Ciaramita and Giuseppe Attardi},
  title = {{Semantically Annotated Snapshot of the English Wikipedia}},
  booktitle = {Proceedings of the Sixth International Conference on Language Resources and Evaluation (LREC'08)},
  year = {2008},
  month = {{M}ay},
  date = {28-30},
  address = {Marrakech, Morocco},
  publisher = {European Language Resources Association (ELRA)},
  isbn = {2-9517408-4-0},
  
  } 
  
  	@inproceedings{katz2014,
    title={Wikipedia-based query performance prediction},
    author={Katz, Gilad and Shtock, Anna and Kurland, Oren and Shapira, Bracha and Rokach, Lior},
    booktitle={Proceedings of the 37th international ACM SIGIR conference on Research \& development in information retrieval},
    pages={1235--1238},
    year={2014},
    organization={ACM}
  }
  
  @misc{westbury2010,
      author   = {Shaoul, C. and Westbury, C.},
      title    = {{ The Westbury Lab Wikipedia Corpus}},
      howpublished      = {\url{http://www.psych.ualberta.ca/~westburylab/downloads/westburylab.wikicorp.download.html}},
      publisher = {{Edmonton, AB: University of Alberta}}, 
      year = {2010}	
  }
  
  
  @book{ Mihalcea11,
  author = {{Rada Mihalcea and Dragomir Radev}},
  title = {Graph-based Natural Language Processing and Information Retrieval}, 
  publisher = {Cambridge University Press}, 
  year = {2011},
  isbn = {9780511976247}, 
  note = {Cambridge Books Online}, 
  url = {http://dx.doi.org/10.1017/CBO9780511976247}
  }
  

@INPROCEEDINGS{Massung2013,
author={Massung, S. and Chengxiang Zhai and Hockenmaier, J.},
booktitle={Semantic Computing (ICSC), 2013 IEEE Seventh International Conference on},
title={Structural Parse Tree Features for Text Representation},
year={2013},
pages={9-16},

}

@inproceedings{SchenkelSK07,
  author    = {Ralf Schenkel and
               Fabian M. Suchanek and
               Gjergji Kasneci},
  title     = {{YAWN:} {A} Semantically Annotated Wikipedia {XML} Corpus},
  booktitle = {Datenbanksysteme in Business, Technologie und Web {(BTW} 2007), 12.
               Fachtagung des GI-Fachbereichs "Datenbanken und Informationssysteme"
               (DBIS), Proceedings, 7.-9. M{\"{a}}rz 2007, Aachen, Germany},
  pages     = {277--291},
  year      = {2007},
  url       = {http://subs.emis.de/LNI/Proceedings/Proceedings103/article1404.html},
  timestamp = {Thu, 18 Dec 2014 20:27:08 +0100},
  biburl    = {http://dblp.uni-trier.de/rec/bib/conf/btw/SchenkelSK07},
  bibsource = {dblp computer science bibliography, http://dblp.org}
}

@inproceedings{Wu2010,
 author = {Wu, Fei and Weld, Daniel S.},
 title = {Open Information Extraction Using Wikipedia},
 booktitle = {Proceedings of the 48th Annual Meeting of the Association for Computational Linguistics},
 series = {ACL '10},
 year = {2010},
 location = {Uppsala, Sweden},
 pages = {118--127},
 numpages = {10},
 url = {http://dl.acm.org/citation.cfm?id=1858681.1858694},
 acmid = {1858694},
 publisher = {Association for Computational Linguistics},
 address = {Stroudsburg, PA, USA},
} 

  @InProceedings{manning2014,
  author    = {Manning, Christopher D. and  Surdeanu, Mihai  and  Bauer, John  and  Finkel, Jenny  and  Bethard, Steven J. and  McClosky, David},
  title     = {{The {Stanford} {CoreNLP} Natural Language Processing Toolkit}},
  booktitle = {Proceedings of 52nd Annual Meeting of the Association for Computational Linguistics: System Demonstrations},
  year      = {2014},
  pages     = {55--60},
  url       = {http://www.aclweb.org/anthology/P/P14/P14-5010}
}


 @inproceedings{Biemann2006.Chinese,
author = {Biemann, Chris},
title = {Chinese Whispers: An Efficient Graph Clustering Algorithm and Its Application to Natural Language Processing Problems},
booktitle = {Proceedings of the First Workshop on Graph Based Methods for Natural Language Processing},
series = {TextGraphs-1},
year = {2006},
pages = {73--80},
numpages = {8},
url = {http://dl.acm.org/citation.cfm?id=1654758.1654774},
acmid = {1654774},
publisher = {Association for Computational Linguistics},
address = {Stroudsburg, PA, USA},
} 


@book{Berge1985,
 author = {Berge, C.},
 title = {Graphs and Hypergraphs},
 year = {1985},
 isbn = {0720404797},
 publisher = {Elsevier},
 address = {Oxford, UK, UK},
} 

@article{heintz2014beyond,
  title={Beyond graphs: toward scalable hypergraph analysis systems},
  author={Heintz, Benjamin and Chandra, Abhishek},
  journal={ACM SIGMETRICS Performance Evaluation Review},
  volume={41},
  number={4},
  pages={94--97},
  year={2014},
  publisher={ACM}
}


@article{Navigli.2009.BigSurvey,
author = {Navigli, Roberto},
title = {Word Sense Disambiguation: A Survey},
journal = {ACM Comput. Surv.},
issue_date = {February 2009},
volume = {41},
number = {2},
month = feb,
year = {2009},
issn = {0360-0300},
pages = {10:1--10:69},
articleno = {10},
numpages = {69},
publisher = {ACM},
address = {New York, NY, USA},
} 

@article{clauset2008hierarchical,
title={Hierarchical structure and the prediction of missing links in networks},
author={Clauset, Aaron and Moore, Cristopher and Newman, Mark EJ},
journal={Nature},
volume={453},
number={7191},
pages={98--101},
year={2008},
publisher={Nature Publishing Group}
}

@incollection{hope2013maxmax,
title={Maxmax: a graph-based soft clustering algorithm applied to word sense induction},
author={Hope, David and Keller, Bill},
booktitle={Computational Linguistics and Intelligent Text Processing},
pages={368--381},
year={2013},
publisher={Springer}
}


@inproceedings{biemann2006chinese,
title={Chinese whispers: an efficient graph clustering algorithm and its application to natural language processing problems},
author={Biemann, Chris},
booktitle={Proceedings of the first workshop on graph based methods for natural language processing},
pages={73--80},
year={2006},
organization={Association for Computational Linguistics}
}

@inproceedings{2006.Agirre.TwoGraph-basedAlgorithms,
author = {Agirre, Eneko and Mart\'{i}nez, David and de Lacalle, Oier L\'{o}pez and Soroa, Aitor},
title = {Two Graph-based Algorithms for State-of-the-art WSD},
booktitle = {Proceedings of the 2006 Conference on Empirical Methods in Natural Language Processing},
series = {EMNLP '06},
year = {2006},
isbn = {1-932432-73-6},
location = {Sydney, Australia},
pages = {585--593},
numpages = {9},
acmid = {1610157},
publisher = {Association for Computational Linguistics},
address = {Stroudsburg, PA, USA},
} 



@article{ahn2010link,
 title={Link communities reveal multiscale complexity in networks},
 author={Ahn, Yong-Yeol and Bagrow, James P and Lehmann, Sune},
 journal={Nature},
 volume={466},
 number={7307},
 pages={761--764},
 year={2010},
 publisher={Nature Publishing Group}
}

@article{Schaeffer2007,
author = {Schaeffer, Satu Elisa},
title = {Survey: Graph Clustering},
journal = {Comput. Sci. Rev.},
issue_date = {August, 2007},
volume = {1},
number = {1},
month = aug,
year = {2007},
issn = {1574-0137},
pages = {27--64},
numpages = {38},
url = {http://dx.doi.org/10.1016/j.cosrev.2007.05.001},
doi = {10.1016/j.cosrev.2007.05.001},
acmid = {2296057},
publisher = {Elsevier Science Publishers B. V.},
address = {Amsterdam, The Netherlands, The Netherlands},
} 



@article{KingJR14,
 author    = {Ben King and
              Rahul Jha and
              Dragomir R. Radev},
 title     = {Heterogeneous Networks and Their Applications: Scientometrics, Name
              Disambiguation, and Topic Modeling},
 journal   = {{TACL}},
 volume    = {2},
 pages     = {1--14},
 year      = {2014},
 url       = {https://tacl2013.cs.columbia.edu/ojs/index.php/tacl/article/view/110},
 timestamp = {Thu, 28 May 2015 17:23:25 +0200},
}


@article{Brin1998,
author = {Brin, Sergey and Page, Lawrence},
title = {The Anatomy of a Large-scale Hypertextual Web Search Engine},
journal = {Comput. Netw. ISDN Syst.},
issue_date = {April 1, 1998},
volume = {30},
number = {1-7},
month = apr,
year = {1998},
issn = {0169-7552},
pages = {107--117},
numpages = {11},
url = {http://dx.doi.org/10.1016/S0169-7552(98)00110-X},
doi = {10.1016/S0169-7552(98)00110-X},
acmid = {297827},
publisher = {Elsevier Science Publishers B. V.},
address = {Amsterdam, The Netherlands, The Netherlands},
keywords = {Google, PageRank, World Wide Web, information retrieval, search engines},
} 

@article{ 2013.DiMarco.Navigli.ClusteringGraph-BasedWSI,
 title={Clustering and diversifying web search results with graph-based word sense induction},
 author={Di Marco, Antonio and Navigli, Roberto},
 journal={Computational Linguistics},
 volume={39},
 number={3},
 pages={709--754},
 year={2013},
 publisher={MIT Press}
}


@inproceedings{2009.Yeh.Wikiwalk,
author = {Yeh, Eric and Ramage, Daniel and Manning, Christopher D. and Agirre, Eneko and Soroa, Aitor},
title = {WikiWalk: Random Walks on Wikipedia for Semantic Relatedness},
booktitle = {Proceedings of the 2009 Workshop on Graph-based Methods for Natural Language Processing},
series = {TextGraphs-4},
year = {2009},
isbn = {978-1-932432-54-1},
location = {Suntec, Singapore},
pages = {41--49},
numpages = {9},
url = {http://dl.acm.org/citation.cfm?id=1708124.1708133},
acmid = {1708133},
publisher = {Association for Computational Linguistics},
address = {Stroudsburg, PA, USA},
} 

@article{Agirre2014.Survey,
author = {Agirre, Eneko and L\'{o}pez de Lacalle, Oier and Soroa, Aitor},
title = {Random Walks for Knowledge-based Word Sense Disambiguation},
journal = {Comput. Linguist.},
issue_date = {March 2014},
volume = {40},
number = {1},
month = mar,
year = {2014},
issn = {0891-2017},
pages = {57--84},
numpages = {28},
url = {http://dx.doi.org/10.1162/COLI_a_00164},
doi = {10.1162/COLI_a_00164},
acmid = {2645245},
publisher = {MIT Press},
address = {Cambridge, MA, USA},
} 

@misc{snap,
  author       = {Jure Leskovec and Rok Sosi\v{c}},
  title        = {{SNAP}: A general purpose network analysis and graph mining library in {C++}},
  howpublished = {\url{http://snap.stanford.edu/snap}},
  month        = jun,
  year         = 2014
}

@article{sole2010language,
  title={Language networks: Their structure, function, and evolution},
  author={Sol{\'e}, Ricard V and Corominas-Murtra, Bernat and Valverde, Sergi and Steels, Luc},
  journal={Complexity},
  volume={15},
  number={6},
  pages={20--26},
  year={2010},
  publisher={Wiley Online Library}
}

 @InProceedings{ATSERIAS08,
  author = {Jordi Atserias, Hugo Zaragoza, Massimiliano Ciaramita and Giuseppe Attardi},
  title = {{Semantically Annotated Snapshot of the English Wikipedia}},
  booktitle = {Proceedings of the Sixth International Conference on Language Resources and Evaluation (LREC'08)},
  year = {2008},
  month = {{M}ay},
  date = {28-30},
  address = {Marrakech, Morocco},
  publisher = {European Language Resources Association (ELRA)},
  isbn = {2-9517408-4-0},
  
  } 
  


@inproceedings{soriano2016lrec,
author = {Soriano-Morales, Edmundo-Pavel and Ah-Pine, Julien and Loudcher, Sabine},
title = {Hypergraph Modelization of a Syntactically Annotated Wikipedia Dump},
booktitle= {Proceedings of the Tenth Language Resources and Evaluation Conference (LREC)},
year= {2016},
pubstate={forthcoming}
}

@inproceedings{soriano2016cicling,
author = {Soriano-Morales, Edmundo-Pavel and Ah-Pine, Julien and Loudcher, Sabine},
title = {Using a Heterogeneous Linguistic Network for
Word Sense Induction and Disambiguation},
booktitle= {Proceedings of the 17th International Conference on Intelligent Text Processing and Computational Linguistics (CICLING)},
year= {2016},
pubstate={forthcoming}
}

@incollection{olddude,
  added-at = {2007-12-14T02:45:26.000+0100},
  author = {Quillian, Ross},
  booktitle = {Semantic Information Processing},
  interhash = {3fa81da41a93a45bf25f7dd528458c6e},
  intrahash = {8da10dbb292cd3eecb3451ffb87a63c3},
  keywords = {graphs semantics},
  pages = {216-270},
  publisher = {MIT Press},
  timestamp = {2007-12-14T02:45:26.000+0100},
  title = {Semantic Memory},
  year = 1968
}


@article{graphlab,
 author = {Low, Yucheng and Bickson, Danny and Gonzalez, Joseph and Guestrin, Carlos and Kyrola, Aapo and Hellerstein, Joseph M.},
 title = {Distributed GraphLab: A Framework for Machine Learning and Data Mining in the Cloud},
 journal = {Proc. VLDB Endow.},
 issue_date = {April 2012},
 volume = {5},
 number = {8},
 month = apr,
 year = {2012},
 issn = {2150-8097},
 pages = {716--727},
 numpages = {12},
 url = {http://dx.doi.org/10.14778/2212351.2212354},
 doi = {10.14778/2212351.2212354},
 }

@INPROCEEDINGS{netowrkx,
    author = {Daniel A. Schult},
    title = {Exploring network structure, dynamics, and function using NetworkX},
    booktitle = {In Proceedings of the 7th Python in Science Conference (SciPy},
    year = {2008},
    pages = {11--15}
}

@inproceedings{Navigli2010.Babelnet,
 author    = {Roberto Navigli and
              Simone Paolo Ponzetto},
 title     = {BabelNet: Building a Very Large Multilingual Semantic Network},
 booktitle = {{ACL} 2010, Proceedings of the 48th Annual Meeting of the Association
              for Computational Linguistics, July 11-16, 2010, Uppsala, Sweden},
 pages     = {216--225},
 year      = {2010},
 url       = {http://www.aclweb.org/anthology/P10-1023},
 timestamp = {Fri, 02 Dec 2011 14:17:37 +0100},
 biburl    = {http://dblp.uni-trier.de/rec/bib/conf/acl/NavigliP10},
}

@article{Miller95.Wordnet,
author = {Miller, George A.},
title = {WordNet: A Lexical Database for English},
journal = {Commun. ACM},
issue_date = {Nov. 1995},
volume = {38},
number = {11},
month = nov,
year = {1995},
issn = {0001-0782},
pages = {39--41},
numpages = {3},
url = {http://doi.acm.org/10.1145/219717.219748},
doi = {10.1145/219717.219748},
acmid = {219748},
publisher = {ACM},
address = {New York, NY, USA},
} 

@article{2013.Matuschek.Gurevych.Dijsktra.WSA,
	author = {Michael Matuschek and Iryna Gurevych},
	title = {Dijkstra-WSA: A Graph-Based Approach to Word Sense Alignment},
	month = may,
	year = {2013},
	journal = {Transactions of the Association for Computational Linguistics (TACL)},
	pages = {151-164},
	volume = {1},
	pubkey = {TUD-CS-2013-0057},
}

@book{Murphy2012,
author = {Murphy, Kevin P.},
title = {Machine Learning: A Probabilistic Perspective},
year = {2012},
isbn = {0262018020, 9780262018029},
publisher = {The MIT Press},
} 


@article{Fouss2007,
author = {Fouss, Francois and Pirotte, Alain and Renders, Jean-Michel and Saerens, Marco},
title = {Random-Walk Computation of Similarities Between Nodes of a Graph with Application to Collaborative Recommendation},
journal = {IEEE Trans. on Knowl. and Data Eng.},
issue_date = {March 2007},
volume = {19},
number = {3},
month = mar,
year = {2007},
issn = {1041-4347},
pages = {355--369},
numpages = {15},
url = {http://dx.doi.org/10.1109/TKDE.2007.46},
doi = {10.1109/TKDE.2007.46},
acmid = {1263335},
publisher = {IEEE Educational Activities Department},
address = {Piscataway, NJ, USA},
keywords = {Fiedler vector, Graph analysis, Graph analysis, graph and database mining, collaborative recommendation, graph kernels, spectral clustering, Fiedler vector, proximity measures, statistical relational learning., collaborative recommendation, graph and database mining, graph kernels, proximity measures, spectral clustering, statistical relational learning.},
} 

@article{Nasiruddin2013.Survey,
 author    = {Mohammad Nasiruddin},
 title     = {A State of the Art of Word Sense Induction: {A} Way Towards Word Sense
              Disambiguation for Under-Resourced Languages},
 journal   = {CoRR},
 volume    = {abs/1310.1425},
 year      = {2013},
 url       = {http://arxiv.org/abs/1310.1425},
 timestamp = {Mon, 04 Nov 2013 15:55:46 +0100},
 biburl    = {http://dblp.uni-trier.de/rec/bib/journals/corr/Nasiruddin13},
}

@inproceedings{2013.Bronselaer.TextAnalysisWithGraphs,
 author    = {Antoon Bronselaer and
              Gabriella Pasi},
 title     = {An approach to graph-based analysis of textual documents},
 booktitle = {Proceedings of the 8th conference of the European Society for Fuzzy
              Logic and Technology, EUSFLAT-13, Milano, Italy, September 11-13,
              2013},
 year      = {2013},
 url       = {http://dx.doi.org/10.2991/eusflat.2013.96},
 doi       = {10.2991/eusflat.2013.96},
}

@inproceedings{Zhou2007LearningHyper,
  title = {Learning with Hypergraphs: Clustering, Classification, and Embedding},
  author = {Zhou, D. and Huang, J. and Sch{\"o}lkopf, B.},
  journal = {Advances in Neural Information Processing Systems 19: Proceedings of the 2006 Conference},
  booktitle = {Advances in Neural Information Processing Systems 19},
  pages = {1601-1608},
  editors = {B Sch{\"o}lkopf and J Platt and T Hofmann},
  publisher = {MIT Press},
  organization = {Max-Planck-Gesellschaft},
  school = {Biologische Kybernetik},
  address = {Cambridge, MA, USA},
  month = sep,
  year = {2007}
}


@article{2013.Kivimaki.AGraph-BasedApproach,
 title={A graph-based approach to skill extraction from text},
 author={Kivim{\"a}ki, Ilkka and Panchenko, Alexander and Dessy, Adrien and Verdegem, Dries and Francq, Pascal and Fairon, C{\'e}drick and Bersini, Hugues and Saerens, Marco},
 journal={Graph-Based Methods for Natural Language Processing},
 pages={79},
 year={2013}
}

@article{2013.Saluja.Graph-BasedUnsupervisedLearning,
 title={Graph-Based Unsupervised Learning of Word Similarities Using Heterogeneous Feature Types},
 author={Saluja, Avneesh and Navr{\'a}til, Jir{\i}},
 journal={Graph-Based Methods for Natural Language Processing},
 pages={29},
 year={2013}
}

@incollection{Choudhury2009,
year={2009},
isbn={978-0-8176-4750-6},
booktitle={Dynamics On and Of Complex Networks},
series={Modeling and Simulation in Science, Engineering and Technology},
editor={Ganguly, Niloy and Deutsch, Andreas and Mukherjee, Animesh},
doi={10.1007/978-0-8176-4751-3_9},
title={The Structure and Dynamics of Linguistic Networks},
url={http://dx.doi.org/10.1007/978-0-8176-4751-3_9},
publisher={BirkhÃ¤user Boston},
author={Choudhury, Monojit and Mukherjee, Animesh},
pages={145-166},
language={English}
}


@incollection{Navigli2012.QuickSurvey,
year={2012},
isbn={978-3-642-27659-0},
booktitle={SOFSEM 2012: Theory and Practice of Computer Science},
volume={7147},
series={Lecture Notes in Computer Science},
editor={BielikovÃ¡, MÃ¡ria and Friedrich, Gerhard and Gottlob, Georg and Katzenbeisser, Stefan and TurÃ¡n, GyÃ¶rgy},
doi={10.1007/978-3-642-27660-6_10},
title={A Quick Tour of Word Sense Disambiguation, Induction and Related Approaches},
url={http://dx.doi.org/10.1007/978-3-642-27660-6_10},
publisher={Springer Berlin Heidelberg},
keywords={computational lexical semantics; Word Sense Disambiguation; Word Sense Induction; text understanding},
author={Navigli, Roberto},
pages={115-129},
language={English}
}

@inproceedings{Biemann2006.Chinese,
author = {Biemann, Chris},
title = {Chinese Whispers: An Efficient Graph Clustering Algorithm and Its Application to Natural Language Processing Problems},
booktitle = {Proceedings of the First Workshop on Graph Based Methods for Natural Language Processing},
series = {TextGraphs-1},
year = {2006},
pages = {73--80},
numpages = {8},
url = {http://dl.acm.org/citation.cfm?id=1654758.1654774},
acmid = {1654774},
publisher = {Association for Computational Linguistics},
address = {Stroudsburg, PA, USA},
} 
  
@article{Navigli.2009.BigSurvey,
author = {Navigli, Roberto},
title = {Word Sense Disambiguation: A Survey},
journal = {ACM Comput. Surv.},
issue_date = {February 2009},
volume = {41},
number = {2},
month = feb,
year = {2009},
issn = {0360-0300},
pages = {10:1--10:69},
articleno = {10},
numpages = {69},
publisher = {ACM},
address = {New York, NY, USA},
} 
@incollection{Jiawei2009,
year={2009},
isbn={978-3-642-04746-6},
booktitle={Discovery Science},
volume={5808},
series={Lecture Notes in Computer Science},
doi={10.1007/978-3-642-04747-3_2},
title={Mining Heterogeneous Information Networks by Exploring the Power of Links},
url={http://dx.doi.org/10.1007/978-3-642-04747-3_2},
publisher={Springer Berlin Heidelberg},
author={Han, Jiawei},
pages={13-30},
language={English}
}

@article{clauset2008hierarchical,
title={Hierarchical structure and the prediction of missing links in networks},
author={Clauset, Aaron and Moore, Cristopher and Newman, Mark EJ},
journal={Nature},
volume={453},
number={7191},
pages={98--101},
year={2008},
publisher={Nature Publishing Group}
}

@incollection{hope2013maxmax,
title={Maxmax: a graph-based soft clustering algorithm applied to word sense induction},
author={Hope, David and Keller, Bill},
booktitle={Computational Linguistics and Intelligent Text Processing},
pages={368--381},
year={2013},
publisher={Springer}
}


@inproceedings{biemann2006chinese,
title={Chinese whispers: an efficient graph clustering algorithm and its application to natural language processing problems},
author={Biemann, Chris},
booktitle={Proceedings of the first workshop on graph based methods for natural language processing},
pages={73--80},
year={2006},
organization={Association for Computational Linguistics}
}


@article{2004.Veronis,
title = "HyperLex: lexical cartography for information retrieval",
journal = "Computer Speech \& Language",
volume = "18",
number = "3",
pages = "223 - 252",
year = "2004",
issn = "0885-2308",
doi = "http://dx.doi.org/10.1016/j.csl.2004.05.002",
author = "Jean V\'{e}ronis",
}

@inproceedings{2004.Mihalcea.SemanticNetworkPageRank,
author = {Mihalcea, Rada and Tarau, Paul and Figa, Elizabeth},
title = {PageRank on Semantic Networks, with Application to Word Sense Disambiguation},
booktitle = {Proceedings of the 20th International Conference on Computational Linguistics},
series = {COLING '04},
year = {2004},
location = {Geneva, Switzerland},
articleno = {1126},
doi = {10.3115/1220355.1220517},
acmid = {1220517},
publisher = {Association for Computational Linguistics},
address = {Stroudsburg, PA, USA},
} 

@inproceedings{2006.Agirre.TwoGraph-basedAlgorithms,
author = {Agirre, Eneko and Mart\'{i}nez, David and de Lacalle, Oier L\'{o}pez and Soroa, Aitor},
title = {Two Graph-based Algorithms for State-of-the-art WSD},
booktitle = {Proceedings of the 2006 Conference on Empirical Methods in Natural Language Processing},
series = {EMNLP '06},
year = {2006},
isbn = {1-932432-73-6},
location = {Sydney, Australia},
pages = {585--593},
numpages = {9},
acmid = {1610157},
publisher = {Association for Computational Linguistics},
address = {Stroudsburg, PA, USA},
} 

@inproceedings{2007.Sinha.Mihalcea.Unsupervised,
author = {Sinha, Ravi and Mihalcea, Rada},
title = {Unsupervised Graph-basedWord Sense Disambiguation Using Measures of Word Semantic Similarity},
booktitle = {Proceedings of the International Conference on Semantic Computing},
series = {ICSC '07},
year = {2007},
isbn = {0-7695-2997-6},
pages = {363--369},
numpages = {7},
doi = {10.1109/ICSC.2007.107},
acmid = {1306359},
publisher = {IEEE Computer Society},
address = {Washington, DC, USA},
} 

@inproceedings{2007.Navigli.GraphConnectivity,
author = {Navigli, Roberto and Lapata, Mirella},
title = {Graph Connectivity Measures for Unsupervised Word Sense Disambiguation},
booktitle = {Proceedings of the 20th International Joint Conference on Artifical Intelligence},
series = {IJCAI'07},
year = {2007},
location = {Hyderabad, India},
pages = {1683--1688},
numpages = {6},
acmid = {1625548},
publisher = {Morgan Kaufmann Publishers Inc.},
address = {San Francisco, CA, USA},
} 

@article{2007.Tsatsaronis.WSDwithSpreading,
author = {Tsatsaronis, George and Vazirgiannis, Michalis and Androutsopoulos, Ion},
booktitle = {IJCAI 2007},
editor = {Veloso, Manuela M.},
month = {January},
priority = {0},
title = {Word Sense Disambiguation with Spreading Activation Networks Generated from Thesauri},
year = 2007
}

@inproceedings{2007.Klapaftis.UOY,
author = {Klapaftis, Ioannis P. and Manandhar, Suresh},
title = {UOY: A Hypergraph Model for Word Sense Induction \& Disambiguation},
booktitle = {Proceedings of the 4th International Workshop on Semantic Evaluations},
series = {SemEval '07},
year = {2007},
location = {Prague, Czech Republic},
pages = {414--417},
numpages = {4},
acmid = {1621566},
publisher = {Association for Computational Linguistics},
address = {Stroudsburg, PA, USA}
} 

@InProceedings{Semeval2010,
  author    = {Manandhar, Suresh  and  Klapaftis, Ioannis  and  Dligach, Dmitriy  and  Pradhan, Sameer},
  title     = {SemEval-2010 Task 14: Word Sense Induction \& Disambiguation},
  booktitle = {Proceedings of the 5th International Workshop on Semantic Evaluation},
  month     = {July},
  year      = {2010},
  address   = {Uppsala, Sweden},
  publisher = {Association for Computational Linguistics},
  pages     = {63--68},
  url       = {http://www.aclweb.org/anthology/S10-1011}
}



@inproceedings{semeval2007task2,
 author = {Agirre, Eneko and Soroa, Aitor},
 title = {Semeval-2007 Task 02: Evaluating Word Sense Induction and Discrimination Systems},
 booktitle = {Proceedings of the 4th International Workshop on Semantic Evaluations},
 series = {SemEval '07},
 year = {2007},
 location = {Prague, Czech Republic},
 pages = {7--12},
 numpages = {6},
 acmid = {1621476},
 publisher = {Association for Computational Linguistics},
 address = {Stroudsburg, PA, USA},
}  

@article{estrada2005,
title={Complex networks as hypergraphs},
author={Estrada, Ernesto and Rodriguez-Velazquez, Juan A},
journal={arXiv preprint physics/0505137},
year={2005}
}




@inproceedings{2011.Haishan.AHypergraphbased,
author = {Liu, Haishan and Le Pendu, Paea and Jin, Ruoming and Dou, Dejing},
title = {A Hypergraph-based Method for Discovering Semantically Associated Itemsets},
booktitle = {Proceedings of the 2011 IEEE 11th International Conference on Data Mining},
series = {ICDM '11},
year = {2011},
isbn = {978-0-7695-4408-3},
pages = {398--406},
numpages = {9},
url = {http://dx.doi.org/10.1109/ICDM.2011.12},
doi = {10.1109/ICDM.2011.12},
acmid = {2118282},
publisher = {IEEE Computer Society},
address = {Washington, DC, USA},
keywords = {Semantically associated itemset, hypergraph, random walk},
} 

@inproceedings{2008.Klapaftis.WSIUsingCollocations,
author = {Klapaftis, Ioannis P. and Manandhar, Suresh},
title = {Word Sense Induction Using Graphs of Collocations},
booktitle = {Proceedings of the 2008 Conference on ECAI 2008: 18th European Conference on Artificial Intelligence},
year = {2008},
isbn = {978-1-58603-891-5},
pages = {298--302},
numpages = {5},
acmid = {1567349},
publisher = {IOS Press},
address = {Amsterdam, The Netherlands, The Netherlands},
}

@InProceedings{2008.Agirre.Multilingual,
author = {Eneko Agirre and Aitor Soroa},
title = {Using the Multilingual Central Repository for Graph-Based Word Sense Disambiguation},
booktitle = {Proceedings of the Sixth International Conference on Language Resources and Evaluation (LREC'08)},
year = {2008},
month = {may},
date = {28-30},
address = {Marrakech, Morocco},
publisher = {European Language Resources Association (ELRA)},
isbn = {2-9517408-4-0},
language = {english}
}  

@inproceedings{ 2009.Agirre.PersonalizedPageRankWSD,
author = {Agirre, Eneko and Soroa, Aitor},
title = {Personalizing PageRank for Word Sense Disambiguation},
booktitle = {Proceedings of the 12th Conference of the European Chapter of the Association for Computational Linguistics},
series = {EACL '09},
year = {2009},
location = {Athens, Greece},
pages = {33--41},
numpages = {9},
acmid = {1609070},
publisher = {Association for Computational Linguistics},
address = {Stroudsburg, PA, USA},
} 


@article{ahn2010link,
 title={Link communities reveal multiscale complexity in networks},
 author={Ahn, Yong-Yeol and Bagrow, James P and Lehmann, Sune},
 journal={Nature},
 volume={466},
 number={7307},
 pages={761--764},
 year={2010},
 publisher={Nature Publishing Group}
}

@article{Schaeffer2007,
author = {Schaeffer, Satu Elisa},
title = {Survey: Graph Clustering},
journal = {Comput. Sci. Rev.},
issue_date = {August, 2007},
volume = {1},
number = {1},
month = aug,
year = {2007},
issn = {1574-0137},
pages = {27--64},
numpages = {38},
url = {http://dx.doi.org/10.1016/j.cosrev.2007.05.001},
doi = {10.1016/j.cosrev.2007.05.001},
acmid = {2296057},
publisher = {Elsevier Science Publishers B. V.},
address = {Amsterdam, The Netherlands, The Netherlands},
} 

@inproceedings{2010.Klapaftis.WSD.WSD.HierarchicalGraphs,
author = {Klapaftis, Ioannis P. and Manandhar, Suresh},
title = {Word Sense Induction \& Disambiguation Using Hierarchical Random Graphs},
booktitle = {Proceedings of the 2010 Conference on Empirical Methods in Natural Language Processing},
series = {EMNLP '10},
year = {2010},
location = {Cambridge, Massachusetts},
pages = {745--755},
numpages = {11},
url = {http://dl.acm.org/citation.cfm?id=1870658.1870731},
acmid = {1870731},
publisher = {Association for Computational Linguistics},
address = {Stroudsburg, PA, USA},
} 


@inproceedings{ 2010.Navigli.InducingWordSenses.Triangles,
author = {Navigli, Roberto and Crisafulli, Giuseppe},
title = {Inducing Word Senses to Improve Web Search Result Clustering},
booktitle = {Proceedings of the 2010 Conference on Empirical Methods in Natural Language Processing},
series = {EMNLP '10},
year = {2010},
location = {Cambridge, Massachusetts},
pages = {116--126},
numpages = {11},
acmid = {1870670},
publisher = {Association for Computational Linguistics},
address = {Stroudsburg, PA, USA},
} 

@inproceedings{2010.Siberer.GraphCooccurrenceWSD,
author = {Silberer, Carina and Ponzetto, Simone Paolo},
title = {UHD: Cross-lingual Word Sense Disambiguation Using Multilingual Co-occurrence Graphs},
booktitle = {Proceedings of the 5th International Workshop on Semantic Evaluation},
series = {SemEval '10},
year = {2010},
location = {Los Angeles, California},
pages = {134--137},
numpages = {4},
url = {http://dl.acm.org/citation.cfm?id=1859664.1859691},
acmid = {1859691},
publisher = {Association for Computational Linguistics},
address = {Stroudsburg, PA, USA},
}

@article{firth57synopsis,
 address = {Oxford},
 author = {Firth, J. R.},
 biburl = {http://puma.uni-kassel.de/bibtex/25e3d6c72cdd123a638f71886d78f3c1e/stumme},
 booktitle = {Studies in Linguistic Analysis (special volume of the Philological Society)},
 pages = {1-32},
 publisher = {The Philological Society},
 title = {A synopsis of linguistic theory 1930-55.},
 volume = {1952-59},
 year = 1957
}

@article{harris1954,
 author = {Harris, Zellig},
 journal = {Word},
 number = 23,
 pages = {146--162},
 title = {Distributional structure},
 volume = 10,
 year = 1954
}



@article{KingJR14,
 author    = {Ben King and
              Rahul Jha and
              Dragomir R. Radev},
 title     = {Heterogeneous Networks and Their Applications: Scientometrics, Name
              Disambiguation, and Topic Modeling},
 journal   = {{TACL}},
 volume    = {2},
 pages     = {1--14},
 year      = {2014},
 url       = {https://tacl2013.cs.columbia.edu/ojs/index.php/tacl/article/view/110},
 timestamp = {Thu, 28 May 2015 17:23:25 +0200},
}

@inproceedings{ 2011.DiMarco.Navigli.ClusteringWebSearch,
author = {Di Marco, Antonio and Navigli, Roberto},
title = {Clustering Web Search Results with Maximum Spanning Trees},
booktitle = {Proceedings of the 12th International Conference on Artificial Intelligence Around Man and Beyond},
series = {AI*IA'11},
year = {2011},
isbn = {978-3-642-23953-3},
location = {Palermo, Italy},
pages = {201--212},
numpages = {12},
url = {http://dl.acm.org/citation.cfm?id=2041977.2042002},
acmid = {2042002},
publisher = {Springer-Verlag},
address = {Berlin, Heidelberg},
} 


@inproceedings{2011.Jurgens.WSICommunityDetection,
author = {Jurgens, David},
title = {Word Sense Induction by Community Detection},
booktitle = {Proceedings of TextGraphs-6: Graph-based Methods for Natural Language Processing},
series = {TextGraphs-6},
year = {2011},
isbn = {978-1-937284-008},
location = {Portland, Oregon},
pages = {24--28},
numpages = {5},
url = {http://dl.acm.org/citation.cfm?id=2024277.2024282},
acmid = {2024282},
publisher = {Association for Computational Linguistics},
address = {Stroudsburg, PA, USA},
} 

@article{Brin1998,
author = {Brin, Sergey and Page, Lawrence},
title = {The Anatomy of a Large-scale Hypertextual Web Search Engine},
journal = {Comput. Netw. ISDN Syst.},
issue_date = {April 1, 1998},
volume = {30},
number = {1-7},
month = apr,
year = {1998},
issn = {0169-7552},
pages = {107--117},
numpages = {11},
url = {http://dx.doi.org/10.1016/S0169-7552(98)00110-X},
doi = {10.1016/S0169-7552(98)00110-X},
acmid = {297827},
publisher = {Elsevier Science Publishers B. V.},
address = {Amsterdam, The Netherlands, The Netherlands},
keywords = {Google, PageRank, World Wide Web, information retrieval, search engines},
} 

@article{ 2013.DiMarco.Navigli.ClusteringGraph-BasedWSI,
 title={Clustering and diversifying web search results with graph-based word sense induction},
 author={Di Marco, Antonio and Navigli, Roberto},
 journal={Computational Linguistics},
 volume={39},
 number={3},
 pages={709--754},
 year={2013},
 publisher={MIT Press}
}
@InProceedings{2013.Hope.GradedWSI,
author    = {Hope, David  and  Keller, Bill},
title     = {UoS: A Graph-Based System for Graded Word Sense Induction},
booktitle = {Second Joint Conference on Lexical and Computational Semantics (*SEM), Volume 2: Proceedings of the Seventh International Workshop on Semantic Evaluation (SemEval 2013)},
month     = {June},
year      = {2013},
address   = {Atlanta, Georgia, USA},
publisher = {Association for Computational Linguistics},
pages     = {689--694},
url       = {http://www.aclweb.org/anthology/S13-2113}
}



@article{2014.Moro.Navigli.EntityLinking_WSD,
 author    = {Andrea Moro and
              Alessandro Raganato and
              Roberto Navigli},
 title     = {{Entity Linking meets Word Sense Disambiguation: a Unified
              Approach}},
 journal   = {Transactions of the Association for Computational Linguistics (TACL)},
 volume    = {2},
 year      = {2014},
 pages     = {231-244},
}
@InProceedings{2014.Tao.Qian.LexicalChainHypergraphWSI,
 author    = {Qian, Tao  and  JI, Donghong  and  Zhang, Mingyao  and  Teng, Chong  and  Xia, Congling},
 title     = {Word Sense Induction Using Lexical Chain based Hypergraph Model},
 booktitle = {Proceedings of COLING 2014, the 25th International Conference on Computational Linguistics: Technical Papers},
 month     = {August},
 year      = {2014},
 address   = {Dublin, Ireland},
 publisher = {Dublin City University and Association for Computational Linguistics},
 pages     = {1601--1611},
 url       = {http://www.aclweb.org/anthology/C14-1152}
}

@inproceedings{2009.Yeh.Wikiwalk,
author = {Yeh, Eric and Ramage, Daniel and Manning, Christopher D. and Agirre, Eneko and Soroa, Aitor},
title = {WikiWalk: Random Walks on Wikipedia for Semantic Relatedness},
booktitle = {Proceedings of the 2009 Workshop on Graph-based Methods for Natural Language Processing},
series = {TextGraphs-4},
year = {2009},
isbn = {978-1-932432-54-1},
location = {Suntec, Singapore},
pages = {41--49},
numpages = {9},
url = {http://dl.acm.org/citation.cfm?id=1708124.1708133},
acmid = {1708133},
publisher = {Association for Computational Linguistics},
address = {Stroudsburg, PA, USA},
} 

@article{Agirre2014.Survey,
author = {Agirre, Eneko and L\'{o}pez de Lacalle, Oier and Soroa, Aitor},
title = {Random Walks for Knowledge-based Word Sense Disambiguation},
journal = {Comput. Linguist.},
issue_date = {March 2014},
volume = {40},
number = {1},
month = mar,
year = {2014},
issn = {0891-2017},
pages = {57--84},
numpages = {28},
url = {http://dx.doi.org/10.1162/COLI_a_00164},
doi = {10.1162/COLI_a_00164},
acmid = {2645245},
publisher = {MIT Press},
address = {Cambridge, MA, USA},
} 

@misc{snap,
  author       = {Jure Leskovec and Rok Sosi\v{c}},
  title        = {{SNAP}: A general purpose network analysis and graph mining library in {C++}},
  howpublished = {\url{http://snap.stanford.edu/snap}},
  month        = jun,
  year         = 2014
}




@InProceedings{corenlp,
  author    = {Manning, Christopher D. and  Surdeanu, Mihai  and  Bauer, John  and  Finkel, Jenny  and  Bethard, Steven J. and  McClosky, David},
  title     = {The {Stanford} {CoreNLP} Natural Language Processing Toolkit},
  booktitle = {Proceedings of 52nd Annual Meeting of the Association for Computational Linguistics: System Demonstrations},
  year      = {2014},
  pages     = {55--60},
  url       = {http://www.aclweb.org/anthology/P/P14/P14-5010}
}


@inproceedings{freeling,
author="Xavier Carreras and Isaac Chao and LluÃ­s PadrÃ³ and Muntsa PadrÃ³",
title="FreeLing: An Open-Source Suite of Language Analyzers",
booktitle="Proceedings of the 4th International Conference on Language Resources and Evaluation (LREC'04)",
year="2004"}


@inproceedings{desr,
  title={Multilingual Dependency Parsing and Domain Adaptation using DeSR.},
  author={Attardi, Giuseppe and Dell'Orletta, Felice and Simi, Maria and Chanev, Atanas and Ciaramita, Massimiliano},
  booktitle={EMNLP-CoNLL},
  pages={1112--1118},
  year={2007}
}

@INPROCEEDINGS{oanc,
    author = {Nancy Ide And and Nancy Ide and Keith Suderman},
    title = {The American National Corpus First Release},
    booktitle = {Proceedings of the Fourth Language Resources and Evaluation Conference (LREC},
    year = {2004},
    pages = {1681--1684}
}


@article{graphlab,
 author = {Low, Yucheng and Bickson, Danny and Gonzalez, Joseph and Guestrin, Carlos and Kyrola, Aapo and Hellerstein, Joseph M.},
 title = {Distributed GraphLab: A Framework for Machine Learning and Data Mining in the Cloud},
 journal = {Proc. VLDB Endow.},
 issue_date = {April 2012},
 volume = {5},
 number = {8},
 month = apr,
 year = {2012},
 issn = {2150-8097},
 pages = {716--727},
 numpages = {12},
 url = {http://dx.doi.org/10.14778/2212351.2212354},
 doi = {10.14778/2212351.2212354},
 }

@INPROCEEDINGS{netowrkx,
    author = {Daniel A. Schult},
    title = {Exploring network structure, dynamics, and function using NetworkX},
    booktitle = {In Proceedings of the 7th Python in Science Conference (SciPy},
    year = {2008},
    pages = {11--15}
}

@inproceedings{Navigli2010.Babelnet,
 author    = {Roberto Navigli and
              Simone Paolo Ponzetto},
 title     = {BabelNet: Building a Very Large Multilingual Semantic Network},
 booktitle = {{ACL} 2010, Proceedings of the 48th Annual Meeting of the Association
              for Computational Linguistics, July 11-16, 2010, Uppsala, Sweden},
 pages     = {216--225},
 year      = {2010},
 url       = {http://www.aclweb.org/anthology/P10-1023},
 timestamp = {Fri, 02 Dec 2011 14:17:37 +0100},
 biburl    = {http://dblp.uni-trier.de/rec/bib/conf/acl/NavigliP10},
}

@article{Miller95.Wordnet,
author = {Miller, George A.},
title = {WordNet: A Lexical Database for English},
journal = {Commun. ACM},
issue_date = {Nov. 1995},
volume = {38},
number = {11},
month = nov,
year = {1995},
issn = {0001-0782},
pages = {39--41},
numpages = {3},
url = {http://doi.acm.org/10.1145/219717.219748},
doi = {10.1145/219717.219748},
acmid = {219748},
publisher = {ACM},
address = {New York, NY, USA},
} 


@book{Murphy2012,
author = {Murphy, Kevin P.},
title = {Machine Learning: A Probabilistic Perspective},
year = {2012},
isbn = {0262018020, 9780262018029},
publisher = {The MIT Press},
} 


@article{Fouss2007,
author = {Fouss, Francois and Pirotte, Alain and Renders, Jean-Michel and Saerens, Marco},
title = {Random-Walk Computation of Similarities Between Nodes of a Graph with Application to Collaborative Recommendation},
journal = {IEEE Trans. on Knowl. and Data Eng.},
issue_date = {March 2007},
volume = {19},
number = {3},
month = mar,
year = {2007},
issn = {1041-4347},
pages = {355--369},
numpages = {15},
url = {http://dx.doi.org/10.1109/TKDE.2007.46},
doi = {10.1109/TKDE.2007.46},
acmid = {1263335},
publisher = {IEEE Educational Activities Department},
address = {Piscataway, NJ, USA},
keywords = {Fiedler vector, Graph analysis, Graph analysis, graph and database mining, collaborative recommendation, graph kernels, spectral clustering, Fiedler vector, proximity measures, statistical relational learning., collaborative recommendation, graph and database mining, graph kernels, proximity measures, spectral clustering, statistical relational learning.},
} 

@article{Nasiruddin2013.Survey,
 author    = {Mohammad Nasiruddin},
 title     = {A State of the Art of Word Sense Induction: {A} Way Towards Word Sense
              Disambiguation for Under-Resourced Languages},
 journal   = {CoRR},
 volume    = {abs/1310.1425},
 year      = {2013},
 url       = {http://arxiv.org/abs/1310.1425},
 timestamp = {Mon, 04 Nov 2013 15:55:46 +0100},
 biburl    = {http://dblp.uni-trier.de/rec/bib/journals/corr/Nasiruddin13},
}


@article{2013.Saluja.Graph-BasedUnsupervisedLearning,
 title={Graph-Based Unsupervised Learning of Word Similarities Using Heterogeneous Feature Types},
 author={Saluja, Avneesh and Navr{\'a}til, Jir{\i}},
 journal={Graph-Based Methods for Natural Language Processing},
 pages={29},
 year={2013},
 publisher={Citeseer}
}



@incollection{Navigli2012.QuickSurvey,
year={2012},
isbn={978-3-642-27659-0},
booktitle={SOFSEM 2012: Theory and Practice of Computer Science},
volume={7147},
series={Lecture Notes in Computer Science},
editor={BielikovÃ¡, MÃ¡ria and Friedrich, Gerhard and Gottlob, Georg and Katzenbeisser, Stefan and TurÃ¡n, GyÃ¶rgy},
doi={10.1007/978-3-642-27660-6_10},
title={A Quick Tour of Word Sense Disambiguation, Induction and Related Approaches},
url={http://dx.doi.org/10.1007/978-3-642-27660-6_10},
publisher={Springer Berlin Heidelberg},
keywords={computational lexical semantics; Word Sense Disambiguation; Word Sense Induction; text understanding},
author={Navigli, Roberto},
pages={115-129},
language={English}
}

